@article{Bain00,
	author={M. B. Bain and A. L. Harig and D. P. Loucks and R. R. Goforth and K. E. Mills},
	year={2000},
	title={Aquatic ecosystem protection and restoration: advances in methods for assessment and evaluation},
	journal={Environmental Science and Policy},
	volume={3},
	number={1},
	pages={89-98},
	doi={}
}
@article{Collins16,
	author={S. L. Collins},
	year={2016},
	title={Vegetation science in the age of big data},
	journal={Journal of Vegetation Science},
	volume={27},
	number={5},
	pages={865-867},
	doi={10.1111/jvs.12459}
}
@article{Hampton15,
	author={S. E. Hampton and S. S. Anderson and S. C. Bagby and C. Gries and X. Han and E. M. Hart and M. B. Jones and W. C. Lenhardt and A. MacDonald and W. K. Michener and J. Mudge and A. Pourmokhtarian and M. P. Schildhauer and K. H. Woo and N. Zimmerman},
	year={2015},
	title={The Tao of open science for ecology},
	journal={Ecosphere},
	volume={6},
	number={7},
	pages={1-13},
  doi={10.1890/ES14-00402.1}
}
@article{Hampton16,
	author={S. E. Hampton and C. A. Strasser and J. J. Tewksbury and W. K. Gram and A. E. Budden and A. L. Batcheller and C. S. Duke and J. H. Porter},
	year={2016},
	title={Big data and the future of ecology},
	journal={Frontiers in Ecology and the Environment},
	volume={11},
	number={3},
	pages={156-162},
  doi={10.1890/120103}
}
@article{Ihle17,
	author={M. Ihle and I. S. Winney and A. Krystalli and M. Croucher},
	year={2017},
	title={Striving for transparent and credible research: practical guidelines for behavioral ecologists},
	journal={Behavioral Ecology},
	volume={28},
	number={2},
	pages={348-354},
	doi={10.1093/beheco/arx003}
}
@article{Kuehne17,
	author={L. M. Kuehne and J. D. Olden and A. L. Strecker and J. J. Lawler and D. M. Theobald},
	year={2017},
	title={Past, present, and future of ecological integrity assessment for fresh waters},
	journal={Frontiers in Ecology and the Environment},
	volume={15},
	number={4},
	pages={197-205},
	doi={10.1002/fee.1483}
}
@article{Lowndes17,
	author={J. S. S. Lowndes and B. D. Best and C. Scarborough and J. C. Afflerbach and M. R. Frazier and C. C. O'Hara and N. Jiang and B. S. Halpern},
	year={2017},
	title={Our path to better science in less time using open data science tools},
	journal={Nature Ecology \& Evolution},
	volume={1},
	number={0160},
	pages={1-7},
	doi={10.1038/s41559-017-0160}
}
@article{Marwick16,
	author={Ben Marwick and Jade d'Alpoim Guedes and C. Michael Barton and Lynsey A. Bates and Michael Baxter and Andrew Bevan and Elizabeth A. Bollwerk and R. Kyle Bocinsky and Tom Brughmans and Alison K. Carter and Cyler Conrad and Daniel A. Contreras and Stefano Costa and Enrico R. Crema and Adrianne Daggett and Benjamin Davies and B. Lee Drake and Thomas S. Dye and Phoebe France and Richard Fullagar and Domenico Giusti and Shawn Graham and Matthew D. Harris and John Hawks and Sebastian Heath and Damien Huffer and Eric C. Kansa and Sarah Whitcher Kansa and Mark E. Madsen and Jennifer Melcher and Joan Negre and Fraser D. Neiman and Rachel Opitz and David C. Orton and Paulina Przystupa and Maria Raviele and Julien Riel-Salvatore and Philip Riris and Iza Romanowska and Nehemie Strupler and Isaac I. Ullah and Hannah G. Van Vlack and Ethan C. Watrall and Chris Webster and Joshua Wells and Judith Winters and Colin D. Wren},
	year={2016},
	title={Open science in archaeology},
	journal={SAA Archaeological Record},
	volume={17},
	number={4},
	pages={8-14},
	doi={10.17605/OSF.IO/3D6XX}
}
@article{Stein09,
	author={E. D. Stein and M. Brinson and M. C. Rains and W. Kleindl and F. R. Hauer},
	year={2009},
	title={Wetland assessment alphabet soup: how to choose (or not choose) the right assessment method},
	journal={Society of Wetland Scientists Bulletin},
	volume={26},
	number={},
	pages={20-24},
	doi={}
}
